<?xml version="1.0" encoding="UTF-8"?><collection xmlns="http://www.loc.gov/MARC21/slim"><record><leader>00472nam--2200181-i-4500</leader><controlfield tag="001">000029794</controlfield><controlfield tag="002">20161230</controlfield><controlfield tag="005">20170127211510</controlfield><controlfield tag="008">060222s1000------------r-----000-0-eng-d</controlfield><datafield ind1=" " ind2=" " tag="040"><subfield code="a">IFIN-HH</subfield></datafield><datafield ind1=" " ind2=" " tag="080"><subfield code="a">52.08</subfield></datafield><datafield ind1="1" ind2=" " tag="100"><subfield code="a">Lovell, Bernard</subfield></datafield><datafield ind1="1" ind2="0" tag="245"><subfield code="a">Discovering the universe</subfield><subfield code="c">Bernard and joyce lovell</subfield></datafield><datafield ind1=" " ind2=" " tag="260"><subfield code="a">New York</subfield><subfield code="b">Harper &amp; Row, Publishers</subfield><subfield code="c">1963</subfield></datafield><datafield ind1=" " ind2=" " tag="300"><subfield code="a">136 p</subfield></datafield><datafield ind1=" " ind2=" " tag="700"><subfield code="a">Lovell, Joyce</subfield></datafield><datafield ind1=" " ind2=" " tag="852"><subfield code="a">21314</subfield><subfield code="c">521/522</subfield></datafield><datafield ind1=" " ind2=" " tag="CAT"><subfield code="a">SYS</subfield><subfield code="c">20170127</subfield><subfield code="h">211510</subfield></datafield></record></collection>